%YAML 1.1
%TAG !u! tag:unity3d.com,2011:
--- !u!1 &770733586912108585
GameObject:
  m_ObjectHideFlags: 0
  m_CorrespondingSourceObject: {fileID: 0}
  m_PrefabInstance: {fileID: 0}
  m_PrefabAsset: {fileID: 0}
  serializedVersion: 6
  m_Component:
  - component: {fileID: 433647942581406967}
  m_Layer: 0
  m_Name: Arrow
  m_TagString: Untagged
  m_Icon: {fileID: 0}
  m_NavMeshLayer: 0
  m_StaticEditorFlags: 0
  m_IsActive: 1
--- !u!4 &433647942581406967
Transform:
  m_ObjectHideFlags: 0
  m_CorrespondingSourceObject: {fileID: 0}
  m_PrefabInstance: {fileID: 0}
  m_PrefabAsset: {fileID: 0}
  m_GameObject: {fileID: 770733586912108585}
  m_LocalRotation: {x: 0, y: 0, z: 0, w: 1}
  m_LocalPosition: {x: 0, y: -0.429, z: 0}
  m_LocalScale: {x: 1, y: 1, z: 1}
  m_Children:
  - {fileID: 1125746951164781184}
  m_Father: {fileID: 2776247147695341332}
  m_RootOrder: 3
  m_LocalEulerAnglesHint: {x: 0, y: 0, z: 0}
--- !u!1 &1886765619861316932
GameObject:
  m_ObjectHideFlags: 0
  m_CorrespondingSourceObject: {fileID: 0}
  m_PrefabInstance: {fileID: 0}
  m_PrefabAsset: {fileID: 0}
  serializedVersion: 6
  m_Component:
  - component: {fileID: 7350574958302969244}
  - component: {fileID: 2869105026671747241}
  - component: {fileID: 7466664436154814860}
  - component: {fileID: 3543284062141592432}
  m_Layer: 5
  m_Name: Canvas
  m_TagString: Untagged
  m_Icon: {fileID: 0}
  m_NavMeshLayer: 0
  m_StaticEditorFlags: 0
  m_IsActive: 1
--- !u!224 &7350574958302969244
RectTransform:
  m_ObjectHideFlags: 0
  m_CorrespondingSourceObject: {fileID: 0}
  m_PrefabInstance: {fileID: 0}
  m_PrefabAsset: {fileID: 0}
  m_GameObject: {fileID: 1886765619861316932}
  m_LocalRotation: {x: 0, y: 0, z: 0, w: 1}
  m_LocalPosition: {x: 0, y: 0, z: 0}
  m_LocalScale: {x: 1, y: 1, z: 1}
  m_Children:
  - {fileID: 7900622018120007722}
  m_Father: {fileID: 2776247147695341332}
  m_RootOrder: 1
  m_LocalEulerAnglesHint: {x: 0, y: 0, z: 0}
  m_AnchorMin: {x: 0.5, y: 0.5}
  m_AnchorMax: {x: 0.5, y: 0.5}
  m_AnchoredPosition: {x: 0, y: 0.403}
  m_SizeDelta: {x: 100, y: 100}
  m_Pivot: {x: 0.5, y: 0.5}
--- !u!223 &2869105026671747241
Canvas:
  m_ObjectHideFlags: 0
  m_CorrespondingSourceObject: {fileID: 0}
  m_PrefabInstance: {fileID: 0}
  m_PrefabAsset: {fileID: 0}
  m_GameObject: {fileID: 1886765619861316932}
  m_Enabled: 1
  serializedVersion: 3
  m_RenderMode: 2
  m_Camera: {fileID: 0}
  m_PlaneDistance: 100
  m_PixelPerfect: 0
  m_ReceivesEvents: 1
  m_OverrideSorting: 0
  m_OverridePixelPerfect: 0
  m_SortingBucketNormalizedSize: 0
  m_AdditionalShaderChannelsFlag: 25
  m_SortingLayerID: 0
  m_SortingOrder: 0
  m_TargetDisplay: 0
--- !u!114 &7466664436154814860
MonoBehaviour:
  m_ObjectHideFlags: 0
  m_CorrespondingSourceObject: {fileID: 0}
  m_PrefabInstance: {fileID: 0}
  m_PrefabAsset: {fileID: 0}
  m_GameObject: {fileID: 1886765619861316932}
  m_Enabled: 1
  m_EditorHideFlags: 0
  m_Script: {fileID: 11500000, guid: 0cd44c1031e13a943bb63640046fad76, type: 3}
  m_Name: 
  m_EditorClassIdentifier: 
  m_UiScaleMode: 0
  m_ReferencePixelsPerUnit: 256
  m_ScaleFactor: 1
  m_ReferenceResolution: {x: 800, y: 600}
  m_ScreenMatchMode: 0
  m_MatchWidthOrHeight: 0
  m_PhysicalUnit: 3
  m_FallbackScreenDPI: 96
  m_DefaultSpriteDPI: 96
  m_DynamicPixelsPerUnit: 1
  m_PresetInfoIsWorld: 1
--- !u!114 &3543284062141592432
MonoBehaviour:
  m_ObjectHideFlags: 0
  m_CorrespondingSourceObject: {fileID: 0}
  m_PrefabInstance: {fileID: 0}
  m_PrefabAsset: {fileID: 0}
  m_GameObject: {fileID: 1886765619861316932}
  m_Enabled: 1
  m_EditorHideFlags: 0
  m_Script: {fileID: 11500000, guid: dc42784cf147c0c48a680349fa168899, type: 3}
  m_Name: 
  m_EditorClassIdentifier: 
  m_IgnoreReversedGraphics: 1
  m_BlockingObjects: 0
  m_BlockingMask:
    serializedVersion: 2
    m_Bits: 4294967295
--- !u!1 &2776247147695341337
GameObject:
  m_ObjectHideFlags: 0
  m_CorrespondingSourceObject: {fileID: 0}
  m_PrefabInstance: {fileID: 0}
  m_PrefabAsset: {fileID: 0}
  serializedVersion: 6
  m_Component:
  - component: {fileID: 2776247147695341332}
  - component: {fileID: 2776247147695341334}
  - component: {fileID: 2776247147695341333}
  - component: {fileID: 2076963641417311665}
  - component: {fileID: 1352862485861628535}
  - component: {fileID: -5333283467205664409}
  - component: {fileID: 3726390253605984425}
  - component: {fileID: 7139359213007519108}
  - component: {fileID: 1348528748986114672}
  - component: {fileID: 4969243387425047244}
  - component: {fileID: 4505278482222491973}
  m_Layer: 0
  m_Name: Player
  m_TagString: Player
  m_Icon: {fileID: 0}
  m_NavMeshLayer: 0
  m_StaticEditorFlags: 0
  m_IsActive: 1
--- !u!4 &2776247147695341332
Transform:
  m_ObjectHideFlags: 0
  m_CorrespondingSourceObject: {fileID: 0}
  m_PrefabInstance: {fileID: 0}
  m_PrefabAsset: {fileID: 0}
  m_GameObject: {fileID: 2776247147695341337}
  m_LocalRotation: {x: 0, y: 0, z: 0, w: 1}
  m_LocalPosition: {x: 0, y: 0, z: 0}
  m_LocalScale: {x: 1, y: 1, z: 1}
  m_Children:
  - {fileID: 212311593118521728}
  - {fileID: 7350574958302969244}
  - {fileID: 7357653762196918866}
  - {fileID: 433647942581406967}
  - {fileID: 1541429076165002682}
  m_Father: {fileID: 0}
  m_RootOrder: 0
  m_LocalEulerAnglesHint: {x: 0, y: 0, z: 0}
--- !u!54 &2776247147695341334
Rigidbody:
  m_ObjectHideFlags: 0
  m_CorrespondingSourceObject: {fileID: 0}
  m_PrefabInstance: {fileID: 0}
  m_PrefabAsset: {fileID: 0}
  m_GameObject: {fileID: 2776247147695341337}
  serializedVersion: 2
  m_Mass: 1
  m_Drag: 0
  m_AngularDrag: 0.05
  m_UseGravity: 1
  m_IsKinematic: 0
  m_Interpolate: 0
  m_Constraints: 0
  m_CollisionDetection: 0
--- !u!114 &2776247147695341333
MonoBehaviour:
  m_ObjectHideFlags: 0
  m_CorrespondingSourceObject: {fileID: 0}
  m_PrefabInstance: {fileID: 0}
  m_PrefabAsset: {fileID: 0}
  m_GameObject: {fileID: 2776247147695341337}
  m_Enabled: 0
  m_EditorHideFlags: 0
  m_Script: {fileID: 11500000, guid: 62899f850307741f2a39c98a8b639597, type: 3}
  m_Name: 
  m_EditorClassIdentifier: 
  m_Actions: {fileID: -944628639613478452, guid: 69f52d18dac60ce4aa5ed99fcab18b38, type: 3}
  m_NotificationBehavior: 2
  m_UIInputModule: {fileID: 0}
  m_DeviceLostEvent:
    m_PersistentCalls:
      m_Calls: []
  m_DeviceRegainedEvent:
    m_PersistentCalls:
      m_Calls: []
  m_ControlsChangedEvent:
    m_PersistentCalls:
      m_Calls: []
  m_ActionEvents:
  - m_PersistentCalls:
      m_Calls:
      - m_Target: {fileID: 2076963641417311665}
        m_TargetAssemblyTypeName: FC_CharaController, Assembly-CSharp
        m_MethodName: GetMovementValues
        m_Mode: 0
        m_Arguments:
          m_ObjectArgument: {fileID: 0}
          m_ObjectArgumentAssemblyTypeName: UnityEngine.Object, UnityEngine
          m_IntArgument: 0
          m_FloatArgument: 0
          m_StringArgument: 
          m_BoolArgument: 0
        m_CallState: 2
    m_ActionId: ecdd824f-b501-4836-8d95-ab7ada0bb539
    m_ActionName: Player/Move[/XInputControllerWindows/leftStick,/Keyboard/w,/Keyboard/upArrow,/Keyboard/s,/Keyboard/downArrow,/Keyboard/a,/Keyboard/leftArrow,/Keyboard/d,/Keyboard/rightArrow]
  - m_PersistentCalls:
      m_Calls:
      - m_Target: {fileID: 674969418013625742}
        m_TargetAssemblyTypeName: CameraControl, Assembly-CSharp
        m_MethodName: OnLook
        m_Mode: 0
        m_Arguments:
          m_ObjectArgument: {fileID: 0}
          m_ObjectArgumentAssemblyTypeName: UnityEngine.Object, UnityEngine
          m_IntArgument: 0
          m_FloatArgument: 0
          m_StringArgument: 
          m_BoolArgument: 0
        m_CallState: 2
    m_ActionId: 40945a22-7442-4652-addf-93e3686d9221
    m_ActionName: Player/Look[/XInputControllerWindows/rightStick,/Mouse/delta]
  - m_PersistentCalls:
      m_Calls:
      - m_Target: {fileID: 2076963641417311665}
        m_TargetAssemblyTypeName: FC_CharaController, Assembly-CSharp
        m_MethodName: GetHitInput
        m_Mode: 0
        m_Arguments:
          m_ObjectArgument: {fileID: 0}
          m_ObjectArgumentAssemblyTypeName: UnityEngine.Object, UnityEngine
          m_IntArgument: 0
          m_FloatArgument: 0
          m_StringArgument: 
          m_BoolArgument: 0
        m_CallState: 2
    m_ActionId: 154e90ab-2d6c-4f15-89dc-8b7370188d40
    m_ActionName: Player/Fire[/XInputControllerWindows/rightTrigger,/Mouse/leftButton]
  - m_PersistentCalls:
      m_Calls: []
    m_ActionId: 75a789ab-3655-48db-9ada-fb22b7ba1424
    m_ActionName: UI/Navigate[/XInputControllerWindows/leftStick/up,/XInputControllerWindows/rightStick/up,/XInputControllerWindows/leftStick/down,/XInputControllerWindows/rightStick/down,/XInputControllerWindows/leftStick/left,/XInputControllerWindows/rightStick/left,/XInputControllerWindows/leftStick/right,/XInputControllerWindows/rightStick/right,/XInputControllerWindows/dpad,/Keyboard/w,/Keyboard/upArrow,/Keyboard/s,/Keyboard/downArrow,/Keyboard/a,/Keyboard/leftArrow,/Keyboard/d,/Keyboard/rightArrow]
  - m_PersistentCalls:
      m_Calls: []
    m_ActionId: 59535e11-05aa-40fc-ab06-7be042e9c48a
    m_ActionName: UI/Submit[/Keyboard/enter,/XInputControllerWindows/buttonSouth]
  - m_PersistentCalls:
      m_Calls: []
    m_ActionId: e2cb32eb-c4a5-4dea-b490-0117c00b91b3
    m_ActionName: UI/Cancel[/Keyboard/escape,/XInputControllerWindows/buttonEast]
  - m_PersistentCalls:
      m_Calls: []
    m_ActionId: e1a46f6b-bb55-4e54-8bc6-0e29212aa32f
    m_ActionName: UI/Point[/Mouse/position]
  - m_PersistentCalls:
      m_Calls: []
    m_ActionId: ce9ce582-9b66-4952-bd3f-bc2f2b5f11eb
    m_ActionName: UI/Click[/Mouse/leftButton]
  - m_PersistentCalls:
      m_Calls: []
    m_ActionId: 78d2efce-62a2-4d11-8cd3-f8fdacd41d56
    m_ActionName: UI/ScrollWheel[/Mouse/scroll]
  - m_PersistentCalls:
      m_Calls: []
    m_ActionId: bdfed6e1-559a-469e-a390-80aca76f0e55
    m_ActionName: UI/MiddleClick[/Mouse/middleButton]
  - m_PersistentCalls:
      m_Calls: []
    m_ActionId: 82a931a5-e9cc-40eb-812b-fce076af5a20
    m_ActionName: UI/RightClick[/Mouse/rightButton]
  - m_PersistentCalls:
      m_Calls: []
    m_ActionId: 7e49d125-9bbb-4cf3-a5e3-529967c7f6ae
    m_ActionName: UI/TrackedDevicePosition
  - m_PersistentCalls:
      m_Calls: []
    m_ActionId: 52aaf8eb-9623-405e-a80f-0759a5a5fb6e
    m_ActionName: UI/TrackedDeviceOrientation
  - m_PersistentCalls:
      m_Calls:
      - m_Target: {fileID: 2076963641417311665}
        m_TargetAssemblyTypeName: FC_CharaController, Assembly-CSharp
        m_MethodName: GetJumpInput
        m_Mode: 0
        m_Arguments:
          m_ObjectArgument: {fileID: 0}
          m_ObjectArgumentAssemblyTypeName: UnityEngine.Object, UnityEngine
          m_IntArgument: 0
          m_FloatArgument: 0
          m_StringArgument: 
          m_BoolArgument: 0
        m_CallState: 2
    m_ActionId: 8b1efa13-2cb9-4983-985a-b99b8a0e349c
    m_ActionName: Player/Jump[/XInputControllerWindows/buttonSouth,/Keyboard/space,/Mouse/rightButton]
  - m_PersistentCalls:
      m_Calls:
      - m_Target: {fileID: 2076963641417311665}
        m_TargetAssemblyTypeName: FC_CharaController, Assembly-CSharp
        m_MethodName: SetPause
        m_Mode: 0
        m_Arguments:
          m_ObjectArgument: {fileID: 0}
          m_ObjectArgumentAssemblyTypeName: UnityEngine.Object, UnityEngine
          m_IntArgument: 0
          m_FloatArgument: 0
          m_StringArgument: 
          m_BoolArgument: 0
        m_CallState: 2
    m_ActionId: 99cc7d26-5e8e-40fb-a3c8-b9e60675b42a
    m_ActionName: Player/Menu[/Keyboard/escape]
  m_NeverAutoSwitchControlSchemes: 0
  m_DefaultControlScheme: Keyboard&Mouse
  m_DefaultActionMap: Player
  m_SplitScreenIndex: -1
  m_Camera: {fileID: 2423406895698991495}
--- !u!114 &2076963641417311665
MonoBehaviour:
  m_ObjectHideFlags: 0
  m_CorrespondingSourceObject: {fileID: 0}
  m_PrefabInstance: {fileID: 0}
  m_PrefabAsset: {fileID: 0}
  m_GameObject: {fileID: 2776247147695341337}
  m_Enabled: 1
  m_EditorHideFlags: 0
  m_Script: {fileID: 11500000, guid: 13a5687fe076738449af0d56797f27e4, type: 3}
  m_Name: 
  m_EditorClassIdentifier: 
  syncMode: 0
  syncInterval: 0.1
  animator: {fileID: 6600760509970099291}
  name: 
  id: 0
  cameraSystem: {fileID: 5808421000874591338}
  playerInput: {fileID: 2776247147695341333}
  moveSpeed: 8
  jumpForce: 20
  distanceToGroundCheck: 1.1
  stunTime: 1
  punchForce: 25
  punchBaseCoolDown: 0.5
  collider: {fileID: 1352862485861628535}
  body: {fileID: 5782999251717293959}
  cameraPivot: {fileID: 212311593118521728}
  shoutsource: {fileID: 7644882498966918132}
  shoutClips: []
  walksource: {fileID: 2128985186057125057}
  wooshsource: {fileID: 5306745485243946515}
  hitsource: {fileID: 3510437593302642028}
--- !u!136 &1352862485861628535
CapsuleCollider:
  m_ObjectHideFlags: 0
  m_CorrespondingSourceObject: {fileID: 0}
  m_PrefabInstance: {fileID: 0}
  m_PrefabAsset: {fileID: 0}
  m_GameObject: {fileID: 2776247147695341337}
  m_Material: {fileID: 0}
  m_IsTrigger: 0
  m_Enabled: 1
  m_Radius: 0.30481148
  m_Height: 1.1835376
  m_Direction: 1
  m_Center: {x: 0, y: -0.44182044, z: 0}
--- !u!114 &-5333283467205664409
MonoBehaviour:
  m_ObjectHideFlags: 0
  m_CorrespondingSourceObject: {fileID: 0}
  m_PrefabInstance: {fileID: 0}
  m_PrefabAsset: {fileID: 0}
  m_GameObject: {fileID: 2776247147695341337}
  m_Enabled: 1
  m_EditorHideFlags: 0
  m_Script: {fileID: 11500000, guid: 2f74aedd71d9a4f55b3ce499326d45fb, type: 3}
  m_Name: 
  m_EditorClassIdentifier: 
  syncMode: 0
  syncInterval: 0.1
  clientAuthority: 1
  localPositionSensitivity: 0.01
  localRotationSensitivity: 0.01
  localScaleSensitivity: 0.01
--- !u!114 &3726390253605984425
MonoBehaviour:
  m_ObjectHideFlags: 0
  m_CorrespondingSourceObject: {fileID: 0}
  m_PrefabInstance: {fileID: 0}
  m_PrefabAsset: {fileID: 0}
  m_GameObject: {fileID: 2776247147695341337}
  m_Enabled: 1
  m_EditorHideFlags: 0
  m_Script: {fileID: 11500000, guid: 9b91ecbcc199f4492b9a91e820070131, type: 3}
  m_Name: 
  m_EditorClassIdentifier: 
  sceneId: 0
  serverOnly: 0
  m_AssetId: 
  hasSpawned: 0
--- !u!114 &7139359213007519108
MonoBehaviour:
  m_ObjectHideFlags: 0
  m_CorrespondingSourceObject: {fileID: 0}
  m_PrefabInstance: {fileID: 0}
  m_PrefabAsset: {fileID: 0}
  m_GameObject: {fileID: 2776247147695341337}
  m_Enabled: 1
  m_EditorHideFlags: 0
  m_Script: {fileID: 11500000, guid: 734b48bea0b204338958ee3d885e11f0, type: 3}
  m_Name: 
  m_EditorClassIdentifier: 
  syncMode: 0
  syncInterval: 0.1
  clientAuthority: 1
  localPositionSensitivity: 0.01
  localRotationSensitivity: 0.01
  localScaleSensitivity: 0.01
  target: {fileID: 1541429076165002682}
--- !u!114 &1348528748986114672
MonoBehaviour:
  m_ObjectHideFlags: 0
  m_CorrespondingSourceObject: {fileID: 0}
  m_PrefabInstance: {fileID: 0}
  m_PrefabAsset: {fileID: 0}
  m_GameObject: {fileID: 2776247147695341337}
  m_Enabled: 1
  m_EditorHideFlags: 0
  m_Script: {fileID: 11500000, guid: 94000fc2e40865e49818dedf0752cca0, type: 3}
  m_Name: 
  m_EditorClassIdentifier: 
  canvas: {fileID: 2869105026671747241}
  usernametext: {fileID: 5755876061008190990}
  player: {fileID: 2076963641417311665}
--- !u!114 &4969243387425047244
MonoBehaviour:
  m_ObjectHideFlags: 0
  m_CorrespondingSourceObject: {fileID: 0}
  m_PrefabInstance: {fileID: 0}
  m_PrefabAsset: {fileID: 0}
  m_GameObject: {fileID: 2776247147695341337}
  m_Enabled: 1
  m_EditorHideFlags: 0
  m_Script: {fileID: 11500000, guid: 8c451935909f6b344bff09eb4a33f2cb, type: 3}
  m_Name: 
  m_EditorClassIdentifier: 
  syncMode: 0
  syncInterval: 0.1
  Arrow: {fileID: 770733586912108585}
--- !u!114 &4505278482222491973
MonoBehaviour:
  m_ObjectHideFlags: 0
  m_CorrespondingSourceObject: {fileID: 0}
  m_PrefabInstance: {fileID: 0}
  m_PrefabAsset: {fileID: 0}
  m_GameObject: {fileID: 2776247147695341337}
  m_Enabled: 1
  m_EditorHideFlags: 0
  m_Script: {fileID: 11500000, guid: 7f6f3bf89aa97405989c802ba270f815, type: 3}
  m_Name: 
  m_EditorClassIdentifier: 
  syncMode: 0
  syncInterval: 0.1
  clientAuthority: 1
  animator: {fileID: 6600760509970099291}
--- !u!1 &4498486130047110751
GameObject:
  m_ObjectHideFlags: 0
  m_CorrespondingSourceObject: {fileID: 0}
  m_PrefabInstance: {fileID: 0}
  m_PrefabAsset: {fileID: 0}
  serializedVersion: 6
  m_Component:
  - component: {fileID: 7357653762196918866}
  m_Layer: 0
  m_Name: Sound
  m_TagString: Untagged
  m_Icon: {fileID: 0}
  m_NavMeshLayer: 0
  m_StaticEditorFlags: 0
  m_IsActive: 1
--- !u!4 &7357653762196918866
Transform:
  m_ObjectHideFlags: 0
  m_CorrespondingSourceObject: {fileID: 0}
  m_PrefabInstance: {fileID: 0}
  m_PrefabAsset: {fileID: 0}
  m_GameObject: {fileID: 4498486130047110751}
  m_LocalRotation: {x: 0, y: 0, z: 0, w: 1}
  m_LocalPosition: {x: 0, y: 0, z: 0}
  m_LocalScale: {x: 1, y: 1, z: 1}
  m_Children:
  - {fileID: 2844791851282521220}
  - {fileID: 4339553403189011814}
  - {fileID: 5658040357399534967}
  - {fileID: 6594975401913407108}
  m_Father: {fileID: 2776247147695341332}
  m_RootOrder: 2
  m_LocalEulerAnglesHint: {x: 0, y: 0, z: 0}
--- !u!1 &4706274735956661693
GameObject:
  m_ObjectHideFlags: 0
  m_CorrespondingSourceObject: {fileID: 0}
  m_PrefabInstance: {fileID: 0}
  m_PrefabAsset: {fileID: 0}
  serializedVersion: 6
  m_Component:
  - component: {fileID: 4339553403189011814}
  - component: {fileID: 5306745485243946515}
  m_Layer: 0
  m_Name: woosh
  m_TagString: Untagged
  m_Icon: {fileID: 0}
  m_NavMeshLayer: 0
  m_StaticEditorFlags: 0
  m_IsActive: 1
--- !u!4 &4339553403189011814
Transform:
  m_ObjectHideFlags: 0
  m_CorrespondingSourceObject: {fileID: 0}
  m_PrefabInstance: {fileID: 0}
  m_PrefabAsset: {fileID: 0}
  m_GameObject: {fileID: 4706274735956661693}
  m_LocalRotation: {x: 0, y: 0, z: 0, w: 1}
  m_LocalPosition: {x: 0, y: 0, z: 0}
  m_LocalScale: {x: 1, y: 1, z: 1}
  m_Children: []
  m_Father: {fileID: 7357653762196918866}
  m_RootOrder: 1
  m_LocalEulerAnglesHint: {x: 0, y: 0, z: 0}
--- !u!82 &5306745485243946515
AudioSource:
  m_ObjectHideFlags: 0
  m_CorrespondingSourceObject: {fileID: 0}
  m_PrefabInstance: {fileID: 0}
  m_PrefabAsset: {fileID: 0}
  m_GameObject: {fileID: 4706274735956661693}
  m_Enabled: 1
  serializedVersion: 4
  OutputAudioMixerGroup: {fileID: 24300002, guid: cc8b4e8a3959ff34d9b6268b98f21aa9, type: 2}
  m_audioClip: {fileID: 8300000, guid: 30239d6c8fb63ae46bd33d837db55de4, type: 3}
  m_PlayOnAwake: 0
  m_Volume: 1
  m_Pitch: 1
  Loop: 0
  Mute: 0
  Spatialize: 0
  SpatializePostEffects: 0
  Priority: 128
  DopplerLevel: 1
  MinDistance: 1
  MaxDistance: 500
  Pan2D: 0
  rolloffMode: 0
  BypassEffects: 0
  BypassListenerEffects: 0
  BypassReverbZones: 0
  rolloffCustomCurve:
    serializedVersion: 2
    m_Curve:
    - serializedVersion: 3
      time: 0
      value: 1
      inSlope: 0
      outSlope: 0
      tangentMode: 0
      weightedMode: 0
      inWeight: 0.33333334
      outWeight: 0.33333334
    - serializedVersion: 3
      time: 1
      value: 0
      inSlope: 0
      outSlope: 0
      tangentMode: 0
      weightedMode: 0
      inWeight: 0.33333334
      outWeight: 0.33333334
    m_PreInfinity: 2
    m_PostInfinity: 2
    m_RotationOrder: 4
  panLevelCustomCurve:
    serializedVersion: 2
    m_Curve:
    - serializedVersion: 3
      time: 0
      value: 1
      inSlope: 0
      outSlope: 0
      tangentMode: 0
      weightedMode: 0
      inWeight: 0.33333334
      outWeight: 0.33333334
    m_PreInfinity: 2
    m_PostInfinity: 2
    m_RotationOrder: 4
  spreadCustomCurve:
    serializedVersion: 2
    m_Curve:
    - serializedVersion: 3
      time: 0
      value: 0
      inSlope: 0
      outSlope: 0
      tangentMode: 0
      weightedMode: 0
      inWeight: 0.33333334
      outWeight: 0.33333334
    m_PreInfinity: 2
    m_PostInfinity: 2
    m_RotationOrder: 4
  reverbZoneMixCustomCurve:
    serializedVersion: 2
    m_Curve:
    - serializedVersion: 3
      time: 0
      value: 1
      inSlope: 0
      outSlope: 0
      tangentMode: 0
      weightedMode: 0
      inWeight: 0.33333334
      outWeight: 0.33333334
    m_PreInfinity: 2
    m_PostInfinity: 2
    m_RotationOrder: 4
--- !u!1 &4924742085609697559
GameObject:
  m_ObjectHideFlags: 0
  m_CorrespondingSourceObject: {fileID: 0}
  m_PrefabInstance: {fileID: 0}
  m_PrefabAsset: {fileID: 0}
  serializedVersion: 6
  m_Component:
  - component: {fileID: 6594975401913407108}
  - component: {fileID: 3510437593302642028}
  m_Layer: 0
  m_Name: hit
  m_TagString: Untagged
  m_Icon: {fileID: 0}
  m_NavMeshLayer: 0
  m_StaticEditorFlags: 0
  m_IsActive: 1
--- !u!4 &6594975401913407108
Transform:
  m_ObjectHideFlags: 0
  m_CorrespondingSourceObject: {fileID: 0}
  m_PrefabInstance: {fileID: 0}
  m_PrefabAsset: {fileID: 0}
  m_GameObject: {fileID: 4924742085609697559}
  m_LocalRotation: {x: 0, y: 0, z: 0, w: 1}
  m_LocalPosition: {x: 0, y: 0, z: 0}
  m_LocalScale: {x: 1, y: 1, z: 1}
  m_Children: []
  m_Father: {fileID: 7357653762196918866}
  m_RootOrder: 3
  m_LocalEulerAnglesHint: {x: 0, y: 0, z: 0}
--- !u!82 &3510437593302642028
AudioSource:
  m_ObjectHideFlags: 0
  m_CorrespondingSourceObject: {fileID: 0}
  m_PrefabInstance: {fileID: 0}
  m_PrefabAsset: {fileID: 0}
  m_GameObject: {fileID: 4924742085609697559}
  m_Enabled: 1
  serializedVersion: 4
  OutputAudioMixerGroup: {fileID: 24300002, guid: cc8b4e8a3959ff34d9b6268b98f21aa9, type: 2}
  m_audioClip: {fileID: 8300000, guid: 07f1a7a4ddeacfb48a24913ead076296, type: 3}
  m_PlayOnAwake: 0
  m_Volume: 1
  m_Pitch: 1
  Loop: 0
  Mute: 0
  Spatialize: 0
  SpatializePostEffects: 0
  Priority: 128
  DopplerLevel: 1
  MinDistance: 1
  MaxDistance: 500
  Pan2D: 0
  rolloffMode: 0
  BypassEffects: 0
  BypassListenerEffects: 0
  BypassReverbZones: 0
  rolloffCustomCurve:
    serializedVersion: 2
    m_Curve:
    - serializedVersion: 3
      time: 0
      value: 1
      inSlope: 0
      outSlope: 0
      tangentMode: 0
      weightedMode: 0
      inWeight: 0.33333334
      outWeight: 0.33333334
    - serializedVersion: 3
      time: 1
      value: 0
      inSlope: 0
      outSlope: 0
      tangentMode: 0
      weightedMode: 0
      inWeight: 0.33333334
      outWeight: 0.33333334
    m_PreInfinity: 2
    m_PostInfinity: 2
    m_RotationOrder: 4
  panLevelCustomCurve:
    serializedVersion: 2
    m_Curve:
    - serializedVersion: 3
      time: 0
      value: 1
      inSlope: 0
      outSlope: 0
      tangentMode: 0
      weightedMode: 0
      inWeight: 0.33333334
      outWeight: 0.33333334
    m_PreInfinity: 2
    m_PostInfinity: 2
    m_RotationOrder: 4
  spreadCustomCurve:
    serializedVersion: 2
    m_Curve:
    - serializedVersion: 3
      time: 0
      value: 0
      inSlope: 0
      outSlope: 0
      tangentMode: 0
      weightedMode: 0
      inWeight: 0.33333334
      outWeight: 0.33333334
    m_PreInfinity: 2
    m_PostInfinity: 2
    m_RotationOrder: 4
  reverbZoneMixCustomCurve:
    serializedVersion: 2
    m_Curve:
    - serializedVersion: 3
      time: 0
      value: 1
      inSlope: 0
      outSlope: 0
      tangentMode: 0
      weightedMode: 0
      inWeight: 0.33333334
      outWeight: 0.33333334
    m_PreInfinity: 2
    m_PostInfinity: 2
    m_RotationOrder: 4
--- !u!1 &5049503979775150306
GameObject:
  m_ObjectHideFlags: 0
  m_CorrespondingSourceObject: {fileID: 0}
  m_PrefabInstance: {fileID: 0}
  m_PrefabAsset: {fileID: 0}
  serializedVersion: 6
  m_Component:
  - component: {fileID: 7900622018120007722}
  - component: {fileID: 7199660943341661628}
  - component: {fileID: 5755876061008190990}
  m_Layer: 5
  m_Name: Text (TMP)
  m_TagString: Untagged
  m_Icon: {fileID: 0}
  m_NavMeshLayer: 0
  m_StaticEditorFlags: 0
  m_IsActive: 1
--- !u!224 &7900622018120007722
RectTransform:
  m_ObjectHideFlags: 0
  m_CorrespondingSourceObject: {fileID: 0}
  m_PrefabInstance: {fileID: 0}
  m_PrefabAsset: {fileID: 0}
  m_GameObject: {fileID: 5049503979775150306}
  m_LocalRotation: {x: 0, y: 1, z: 0, w: 0}
  m_LocalPosition: {x: 0, y: 0, z: 0}
  m_LocalScale: {x: 1, y: 1, z: 1}
  m_Children: []
  m_Father: {fileID: 7350574958302969244}
  m_RootOrder: 0
  m_LocalEulerAnglesHint: {x: 0, y: 180, z: 0}
  m_AnchorMin: {x: 0.5, y: 0.5}
  m_AnchorMax: {x: 0.5, y: 0.5}
  m_AnchoredPosition: {x: 0, y: 0}
  m_SizeDelta: {x: 200, y: 50}
  m_Pivot: {x: 0.5, y: 0.5}
--- !u!222 &7199660943341661628
CanvasRenderer:
  m_ObjectHideFlags: 0
  m_CorrespondingSourceObject: {fileID: 0}
  m_PrefabInstance: {fileID: 0}
  m_PrefabAsset: {fileID: 0}
  m_GameObject: {fileID: 5049503979775150306}
  m_CullTransparentMesh: 1
--- !u!114 &5755876061008190990
MonoBehaviour:
  m_ObjectHideFlags: 0
  m_CorrespondingSourceObject: {fileID: 0}
  m_PrefabInstance: {fileID: 0}
  m_PrefabAsset: {fileID: 0}
  m_GameObject: {fileID: 5049503979775150306}
  m_Enabled: 1
  m_EditorHideFlags: 0
  m_Script: {fileID: 11500000, guid: f4688fdb7df04437aeb418b961361dc5, type: 3}
  m_Name: 
  m_EditorClassIdentifier: 
  m_Material: {fileID: 0}
  m_Color: {r: 1, g: 1, b: 1, a: 1}
  m_RaycastTarget: 1
  m_RaycastPadding: {x: 0, y: 0, z: 0, w: 0}
  m_Maskable: 1
  m_OnCullStateChanged:
    m_PersistentCalls:
      m_Calls: []
  m_text: New Text
  m_isRightToLeft: 0
  m_fontAsset: {fileID: 11400000, guid: 8f586378b4e144a9851e7b34d9b748ee, type: 2}
  m_sharedMaterial: {fileID: 2180264, guid: 8f586378b4e144a9851e7b34d9b748ee, type: 2}
  m_fontSharedMaterials: []
  m_fontMaterial: {fileID: 0}
  m_fontMaterials: []
  m_fontColor32:
    serializedVersion: 2
    rgba: 4294967295
  m_fontColor: {r: 1, g: 1, b: 1, a: 1}
  m_enableVertexGradient: 0
  m_colorMode: 3
  m_fontColorGradient:
    topLeft: {r: 1, g: 1, b: 1, a: 1}
    topRight: {r: 1, g: 1, b: 1, a: 1}
    bottomLeft: {r: 1, g: 1, b: 1, a: 1}
    bottomRight: {r: 1, g: 1, b: 1, a: 1}
  m_fontColorGradientPreset: {fileID: 0}
  m_spriteAsset: {fileID: 0}
  m_tintAllSprites: 0
  m_StyleSheet: {fileID: 0}
  m_TextStyleHashCode: -1183493901
  m_overrideHtmlColors: 0
  m_faceColor:
    serializedVersion: 2
    rgba: 4294967295
  m_fontSize: 0.2
  m_fontSizeBase: 0.3
  m_fontWeight: 400
  m_enableAutoSizing: 1
  m_fontSizeMin: 0
  m_fontSizeMax: 72
  m_fontStyle: 0
  m_HorizontalAlignment: 2
  m_VerticalAlignment: 512
  m_textAlignment: 65535
  m_characterSpacing: 0
  m_wordSpacing: 0
  m_lineSpacing: 0
  m_lineSpacingMax: 0
  m_paragraphSpacing: 0
  m_charWidthMaxAdj: 0
  m_enableWordWrapping: 1
  m_wordWrappingRatios: 0.4
  m_overflowMode: 0
  m_linkedTextComponent: {fileID: 0}
  parentLinkedComponent: {fileID: 0}
  m_enableKerning: 1
  m_enableExtraPadding: 0
  checkPaddingRequired: 0
  m_isRichText: 1
  m_parseCtrlCharacters: 1
  m_isOrthographic: 1
  m_isCullingEnabled: 0
  m_horizontalMapping: 0
  m_verticalMapping: 0
  m_uvLineOffset: 0
  m_geometrySortingOrder: 0
  m_IsTextObjectScaleStatic: 0
  m_VertexBufferAutoSizeReduction: 1
  m_useMaxVisibleDescender: 1
  m_pageToDisplay: 1
  m_margin: {x: 98.64972, y: 24.895016, z: 98.61358, w: 24.84015}
  m_isUsingLegacyAnimationComponent: 0
  m_isVolumetricText: 0
  m_hasFontAssetChanged: 0
  m_baseMaterial: {fileID: 0}
  m_maskOffset: {x: 0, y: 0, z: 0, w: 0}
--- !u!1 &5782999251717293959
GameObject:
  m_ObjectHideFlags: 0
  m_CorrespondingSourceObject: {fileID: 0}
  m_PrefabInstance: {fileID: 0}
  m_PrefabAsset: {fileID: 0}
  serializedVersion: 6
  m_Component:
  - component: {fileID: 1541429076165002682}
  m_Layer: 0
  m_Name: GameObject
  m_TagString: Untagged
  m_Icon: {fileID: 0}
  m_NavMeshLayer: 0
  m_StaticEditorFlags: 0
  m_IsActive: 1
--- !u!4 &1541429076165002682
Transform:
  m_ObjectHideFlags: 0
  m_CorrespondingSourceObject: {fileID: 0}
  m_PrefabInstance: {fileID: 0}
  m_PrefabAsset: {fileID: 0}
  m_GameObject: {fileID: 5782999251717293959}
  m_LocalRotation: {x: 0, y: 0, z: 0, w: 1}
  m_LocalPosition: {x: 0, y: -1.025, z: 0}
  m_LocalScale: {x: 1, y: 1, z: 1}
  m_Children:
  - {fileID: 8991191505095595255}
  m_Father: {fileID: 2776247147695341332}
  m_RootOrder: 4
  m_LocalEulerAnglesHint: {x: 0, y: 0, z: 0}
--- !u!1 &6309607271321054889
GameObject:
  m_ObjectHideFlags: 0
  m_CorrespondingSourceObject: {fileID: 0}
  m_PrefabInstance: {fileID: 0}
  m_PrefabAsset: {fileID: 0}
  serializedVersion: 6
  m_Component:
  - component: {fileID: 2844791851282521220}
  - component: {fileID: 2128985186057125057}
  m_Layer: 0
  m_Name: footstep
  m_TagString: Untagged
  m_Icon: {fileID: 0}
  m_NavMeshLayer: 0
  m_StaticEditorFlags: 0
  m_IsActive: 1
--- !u!4 &2844791851282521220
Transform:
  m_ObjectHideFlags: 0
  m_CorrespondingSourceObject: {fileID: 0}
  m_PrefabInstance: {fileID: 0}
  m_PrefabAsset: {fileID: 0}
  m_GameObject: {fileID: 6309607271321054889}
  m_LocalRotation: {x: 0, y: 0, z: 0, w: 1}
  m_LocalPosition: {x: 0, y: 0, z: 0}
  m_LocalScale: {x: 1, y: 1, z: 1}
  m_Children: []
  m_Father: {fileID: 7357653762196918866}
  m_RootOrder: 0
  m_LocalEulerAnglesHint: {x: 0, y: 0, z: 0}
--- !u!82 &2128985186057125057
AudioSource:
  m_ObjectHideFlags: 0
  m_CorrespondingSourceObject: {fileID: 0}
  m_PrefabInstance: {fileID: 0}
  m_PrefabAsset: {fileID: 0}
  m_GameObject: {fileID: 6309607271321054889}
  m_Enabled: 1
  serializedVersion: 4
  OutputAudioMixerGroup: {fileID: 24300002, guid: cc8b4e8a3959ff34d9b6268b98f21aa9, type: 2}
  m_audioClip: {fileID: 8300000, guid: 6aefbaa2d02ffad41b9c166c58bd2f86, type: 3}
  m_PlayOnAwake: 0
  m_Volume: 0.2
  m_Pitch: 1
  Loop: 1
  Mute: 0
  Spatialize: 0
  SpatializePostEffects: 0
  Priority: 128
  DopplerLevel: 1
  MinDistance: 1
  MaxDistance: 500
  Pan2D: 0
  rolloffMode: 0
  BypassEffects: 0
  BypassListenerEffects: 0
  BypassReverbZones: 0
  rolloffCustomCurve:
    serializedVersion: 2
    m_Curve:
    - serializedVersion: 3
      time: 0
      value: 1
      inSlope: 0
      outSlope: 0
      tangentMode: 0
      weightedMode: 0
      inWeight: 0.33333334
      outWeight: 0.33333334
    - serializedVersion: 3
      time: 1
      value: 0
      inSlope: 0
      outSlope: 0
      tangentMode: 0
      weightedMode: 0
      inWeight: 0.33333334
      outWeight: 0.33333334
    m_PreInfinity: 2
    m_PostInfinity: 2
    m_RotationOrder: 4
  panLevelCustomCurve:
    serializedVersion: 2
    m_Curve:
    - serializedVersion: 3
      time: 0
      value: 1
      inSlope: 0
      outSlope: 0
      tangentMode: 0
      weightedMode: 0
      inWeight: 0.33333334
      outWeight: 0.33333334
    m_PreInfinity: 2
    m_PostInfinity: 2
    m_RotationOrder: 4
  spreadCustomCurve:
    serializedVersion: 2
    m_Curve:
    - serializedVersion: 3
      time: 0
      value: 0
      inSlope: 0
      outSlope: 0
      tangentMode: 0
      weightedMode: 0
      inWeight: 0.33333334
      outWeight: 0.33333334
    m_PreInfinity: 2
    m_PostInfinity: 2
    m_RotationOrder: 4
  reverbZoneMixCustomCurve:
    serializedVersion: 2
    m_Curve:
    - serializedVersion: 3
      time: 0
      value: 1
      inSlope: 0
      outSlope: 0
      tangentMode: 0
      weightedMode: 0
      inWeight: 0.33333334
      outWeight: 0.33333334
    m_PreInfinity: 2
    m_PostInfinity: 2
    m_RotationOrder: 4
--- !u!95 &6600760509970099291
Animator:
  serializedVersion: 3
  m_ObjectHideFlags: 0
  m_CorrespondingSourceObject: {fileID: 0}
  m_PrefabInstance: {fileID: 0}
  m_PrefabAsset: {fileID: 0}
  m_GameObject: {fileID: 8614525881480367693}
  m_Enabled: 1
  m_Avatar: {fileID: 0}
  m_Controller: {fileID: 9100000, guid: 7840ad5d268e1ca4a8261489c30779ed, type: 2}
  m_CullingMode: 0
  m_UpdateMode: 0
  m_ApplyRootMotion: 0
  m_LinearVelocityBlending: 0
  m_WarningMessage: 
  m_HasTransformHierarchy: 1
  m_AllowConstantClipSamplingOptimization: 1
  m_KeepAnimatorControllerStateOnDisable: 0
--- !u!1 &8941255480840581773
GameObject:
  m_ObjectHideFlags: 0
  m_CorrespondingSourceObject: {fileID: 0}
  m_PrefabInstance: {fileID: 0}
  m_PrefabAsset: {fileID: 0}
  serializedVersion: 6
  m_Component:
  - component: {fileID: 5658040357399534967}
  - component: {fileID: 7644882498966918132}
  m_Layer: 0
  m_Name: shout
  m_TagString: Untagged
  m_Icon: {fileID: 0}
  m_NavMeshLayer: 0
  m_StaticEditorFlags: 0
  m_IsActive: 1
--- !u!4 &5658040357399534967
Transform:
  m_ObjectHideFlags: 0
  m_CorrespondingSourceObject: {fileID: 0}
  m_PrefabInstance: {fileID: 0}
  m_PrefabAsset: {fileID: 0}
  m_GameObject: {fileID: 8941255480840581773}
  m_LocalRotation: {x: 0, y: 0, z: 0, w: 1}
  m_LocalPosition: {x: 0, y: 0, z: 0}
  m_LocalScale: {x: 1, y: 1, z: 1}
  m_Children: []
  m_Father: {fileID: 7357653762196918866}
  m_RootOrder: 2
  m_LocalEulerAnglesHint: {x: 0, y: 0, z: 0}
--- !u!82 &7644882498966918132
AudioSource:
  m_ObjectHideFlags: 0
  m_CorrespondingSourceObject: {fileID: 0}
  m_PrefabInstance: {fileID: 0}
  m_PrefabAsset: {fileID: 0}
  m_GameObject: {fileID: 8941255480840581773}
  m_Enabled: 1
  serializedVersion: 4
  OutputAudioMixerGroup: {fileID: 24300002, guid: cc8b4e8a3959ff34d9b6268b98f21aa9, type: 2}
  m_audioClip: {fileID: 0}
  m_PlayOnAwake: 0
  m_Volume: 1
  m_Pitch: 1
  Loop: 0
  Mute: 0
  Spatialize: 0
  SpatializePostEffects: 0
  Priority: 128
  DopplerLevel: 1
  MinDistance: 1
  MaxDistance: 500
  Pan2D: 0
  rolloffMode: 0
  BypassEffects: 0
  BypassListenerEffects: 0
  BypassReverbZones: 0
  rolloffCustomCurve:
    serializedVersion: 2
    m_Curve:
    - serializedVersion: 3
      time: 0
      value: 1
      inSlope: 0
      outSlope: 0
      tangentMode: 0
      weightedMode: 0
      inWeight: 0.33333334
      outWeight: 0.33333334
    - serializedVersion: 3
      time: 1
      value: 0
      inSlope: 0
      outSlope: 0
      tangentMode: 0
      weightedMode: 0
      inWeight: 0.33333334
      outWeight: 0.33333334
    m_PreInfinity: 2
    m_PostInfinity: 2
    m_RotationOrder: 4
  panLevelCustomCurve:
    serializedVersion: 2
    m_Curve:
    - serializedVersion: 3
      time: 0
      value: 1
      inSlope: 0
      outSlope: 0
      tangentMode: 0
      weightedMode: 0
      inWeight: 0.33333334
      outWeight: 0.33333334
    m_PreInfinity: 2
    m_PostInfinity: 2
    m_RotationOrder: 4
  spreadCustomCurve:
    serializedVersion: 2
    m_Curve:
    - serializedVersion: 3
      time: 0
      value: 0
      inSlope: 0
      outSlope: 0
      tangentMode: 0
      weightedMode: 0
      inWeight: 0.33333334
      outWeight: 0.33333334
    m_PreInfinity: 2
    m_PostInfinity: 2
    m_RotationOrder: 4
  reverbZoneMixCustomCurve:
    serializedVersion: 2
    m_Curve:
    - serializedVersion: 3
      time: 0
      value: 1
      inSlope: 0
      outSlope: 0
      tangentMode: 0
      weightedMode: 0
      inWeight: 0.33333334
      outWeight: 0.33333334
    m_PreInfinity: 2
    m_PostInfinity: 2
    m_RotationOrder: 4
--- !u!1001 &4136010091708875
PrefabInstance:
  m_ObjectHideFlags: 0
  serializedVersion: 2
  m_Modification:
    m_TransformParent: {fileID: 2776247147695341332}
    m_Modifications:
    - target: {fileID: 215321661426833483, guid: 959ae8f5871e20e418bc0c508de9e9f1, type: 3}
      propertyPath: m_RootOrder
      value: 0
      objectReference: {fileID: 0}
    - target: {fileID: 215321661426833483, guid: 959ae8f5871e20e418bc0c508de9e9f1, type: 3}
      propertyPath: m_LocalPosition.x
      value: 0
      objectReference: {fileID: 0}
    - target: {fileID: 215321661426833483, guid: 959ae8f5871e20e418bc0c508de9e9f1, type: 3}
      propertyPath: m_LocalPosition.y
      value: 0
      objectReference: {fileID: 0}
    - target: {fileID: 215321661426833483, guid: 959ae8f5871e20e418bc0c508de9e9f1, type: 3}
      propertyPath: m_LocalPosition.z
      value: 0
      objectReference: {fileID: 0}
    - target: {fileID: 215321661426833483, guid: 959ae8f5871e20e418bc0c508de9e9f1, type: 3}
      propertyPath: m_LocalRotation.w
      value: 1
      objectReference: {fileID: 0}
    - target: {fileID: 215321661426833483, guid: 959ae8f5871e20e418bc0c508de9e9f1, type: 3}
      propertyPath: m_LocalRotation.x
      value: -0
      objectReference: {fileID: 0}
    - target: {fileID: 215321661426833483, guid: 959ae8f5871e20e418bc0c508de9e9f1, type: 3}
      propertyPath: m_LocalRotation.y
      value: -0
      objectReference: {fileID: 0}
    - target: {fileID: 215321661426833483, guid: 959ae8f5871e20e418bc0c508de9e9f1, type: 3}
      propertyPath: m_LocalRotation.z
      value: -0
      objectReference: {fileID: 0}
    - target: {fileID: 215321661426833483, guid: 959ae8f5871e20e418bc0c508de9e9f1, type: 3}
      propertyPath: m_LocalEulerAnglesHint.x
      value: 0
      objectReference: {fileID: 0}
    - target: {fileID: 215321661426833483, guid: 959ae8f5871e20e418bc0c508de9e9f1, type: 3}
      propertyPath: m_LocalEulerAnglesHint.y
      value: 0
      objectReference: {fileID: 0}
    - target: {fileID: 215321661426833483, guid: 959ae8f5871e20e418bc0c508de9e9f1, type: 3}
      propertyPath: m_LocalEulerAnglesHint.z
      value: 0
      objectReference: {fileID: 0}
    - target: {fileID: 671960698459884613, guid: 959ae8f5871e20e418bc0c508de9e9f1, type: 3}
      propertyPath: cameraPivot
      value: 
      objectReference: {fileID: 212311593118521728}
    - target: {fileID: 1830057028889884325, guid: 959ae8f5871e20e418bc0c508de9e9f1, type: 3}
      propertyPath: m_LocalPosition.y
      value: 3.72
      objectReference: {fileID: 0}
    - target: {fileID: 1830057028889884325, guid: 959ae8f5871e20e418bc0c508de9e9f1, type: 3}
      propertyPath: m_LocalPosition.z
      value: -5.85
      objectReference: {fileID: 0}
    - target: {fileID: 1830057028889884325, guid: 959ae8f5871e20e418bc0c508de9e9f1, type: 3}
      propertyPath: m_LocalRotation.w
      value: 0.99201274
      objectReference: {fileID: 0}
    - target: {fileID: 1830057028889884325, guid: 959ae8f5871e20e418bc0c508de9e9f1, type: 3}
      propertyPath: m_LocalRotation.x
      value: 0.12613802
      objectReference: {fileID: 0}
    - target: {fileID: 1830057028889884325, guid: 959ae8f5871e20e418bc0c508de9e9f1, type: 3}
      propertyPath: m_LocalRotation.y
      value: -0
      objectReference: {fileID: 0}
    - target: {fileID: 1830057028889884325, guid: 959ae8f5871e20e418bc0c508de9e9f1, type: 3}
      propertyPath: m_LocalRotation.z
      value: -0
      objectReference: {fileID: 0}
    - target: {fileID: 1830057028889884325, guid: 959ae8f5871e20e418bc0c508de9e9f1, type: 3}
      propertyPath: m_LocalEulerAnglesHint.x
      value: 14.493
      objectReference: {fileID: 0}
    - target: {fileID: 4044633566500453303, guid: 959ae8f5871e20e418bc0c508de9e9f1, type: 3}
      propertyPath: m_Name
      value: CameraPivot
      objectReference: {fileID: 0}
    m_RemovedComponents: []
  m_SourcePrefab: {fileID: 100100000, guid: 959ae8f5871e20e418bc0c508de9e9f1, type: 3}
--- !u!4 &212311593118521728 stripped
Transform:
  m_CorrespondingSourceObject: {fileID: 215321661426833483, guid: 959ae8f5871e20e418bc0c508de9e9f1, type: 3}
  m_PrefabInstance: {fileID: 4136010091708875}
  m_PrefabAsset: {fileID: 0}
--- !u!1 &5808421000874591338 stripped
GameObject:
  m_CorrespondingSourceObject: {fileID: 5806575391623693729, guid: 959ae8f5871e20e418bc0c508de9e9f1, type: 3}
  m_PrefabInstance: {fileID: 4136010091708875}
  m_PrefabAsset: {fileID: 0}
--- !u!20 &2423406895698991495 stripped
Camera:
  m_CorrespondingSourceObject: {fileID: 2427187409055848524, guid: 959ae8f5871e20e418bc0c508de9e9f1, type: 3}
  m_PrefabInstance: {fileID: 4136010091708875}
  m_PrefabAsset: {fileID: 0}
--- !u!114 &674969418013625742 stripped
MonoBehaviour:
  m_CorrespondingSourceObject: {fileID: 671960698459884613, guid: 959ae8f5871e20e418bc0c508de9e9f1, type: 3}
  m_PrefabInstance: {fileID: 4136010091708875}
  m_PrefabAsset: {fileID: 0}
  m_GameObject: {fileID: 5808421000874591338}
  m_Enabled: 1
  m_EditorHideFlags: 0
  m_Script: {fileID: 11500000, guid: 384616ed500f4cc45be7d8ad3b62cefe, type: 3}
  m_Name: 
  m_EditorClassIdentifier: 
--- !u!1001 &582597806470628715
PrefabInstance:
  m_ObjectHideFlags: 0
  serializedVersion: 2
  m_Modification:
    m_TransformParent: {fileID: 433647942581406967}
    m_Modifications:
    - target: {fileID: -8679921383154817045, guid: 869e2ab755dfb4e47b45c8cd5a478ca5, type: 3}
      propertyPath: m_RootOrder
      value: 0
      objectReference: {fileID: 0}
    - target: {fileID: -8679921383154817045, guid: 869e2ab755dfb4e47b45c8cd5a478ca5, type: 3}
      propertyPath: m_LocalScale.x
      value: 119.51
      objectReference: {fileID: 0}
    - target: {fileID: -8679921383154817045, guid: 869e2ab755dfb4e47b45c8cd5a478ca5, type: 3}
      propertyPath: m_LocalScale.y
      value: 119.51
      objectReference: {fileID: 0}
    - target: {fileID: -8679921383154817045, guid: 869e2ab755dfb4e47b45c8cd5a478ca5, type: 3}
      propertyPath: m_LocalScale.z
      value: 119.51
      objectReference: {fileID: 0}
    - target: {fileID: -8679921383154817045, guid: 869e2ab755dfb4e47b45c8cd5a478ca5, type: 3}
      propertyPath: m_LocalPosition.x
      value: -0
      objectReference: {fileID: 0}
    - target: {fileID: -8679921383154817045, guid: 869e2ab755dfb4e47b45c8cd5a478ca5, type: 3}
      propertyPath: m_LocalPosition.y
      value: 0
      objectReference: {fileID: 0}
    - target: {fileID: -8679921383154817045, guid: 869e2ab755dfb4e47b45c8cd5a478ca5, type: 3}
      propertyPath: m_LocalPosition.z
      value: 0.5
      objectReference: {fileID: 0}
    - target: {fileID: -8679921383154817045, guid: 869e2ab755dfb4e47b45c8cd5a478ca5, type: 3}
      propertyPath: m_LocalRotation.w
      value: 1
      objectReference: {fileID: 0}
    - target: {fileID: -8679921383154817045, guid: 869e2ab755dfb4e47b45c8cd5a478ca5, type: 3}
      propertyPath: m_LocalRotation.x
      value: 0
      objectReference: {fileID: 0}
    - target: {fileID: -8679921383154817045, guid: 869e2ab755dfb4e47b45c8cd5a478ca5, type: 3}
      propertyPath: m_LocalRotation.y
      value: -0
      objectReference: {fileID: 0}
    - target: {fileID: -8679921383154817045, guid: 869e2ab755dfb4e47b45c8cd5a478ca5, type: 3}
      propertyPath: m_LocalRotation.z
      value: -0
      objectReference: {fileID: 0}
    - target: {fileID: -8679921383154817045, guid: 869e2ab755dfb4e47b45c8cd5a478ca5, type: 3}
      propertyPath: m_LocalEulerAnglesHint.x
      value: 0
      objectReference: {fileID: 0}
    - target: {fileID: -8679921383154817045, guid: 869e2ab755dfb4e47b45c8cd5a478ca5, type: 3}
      propertyPath: m_LocalEulerAnglesHint.y
      value: 0
      objectReference: {fileID: 0}
    - target: {fileID: -8679921383154817045, guid: 869e2ab755dfb4e47b45c8cd5a478ca5, type: 3}
      propertyPath: m_LocalEulerAnglesHint.z
      value: 0
      objectReference: {fileID: 0}
    - target: {fileID: -6492756980240114428, guid: 869e2ab755dfb4e47b45c8cd5a478ca5, type: 3}
      propertyPath: m_CastShadows
      value: 0
      objectReference: {fileID: 0}
    - target: {fileID: -6492756980240114428, guid: 869e2ab755dfb4e47b45c8cd5a478ca5, type: 3}
      propertyPath: m_LightProbeUsage
      value: 0
      objectReference: {fileID: 0}
    - target: {fileID: -6492756980240114428, guid: 869e2ab755dfb4e47b45c8cd5a478ca5, type: 3}
      propertyPath: m_ReflectionProbeUsage
      value: 0
      objectReference: {fileID: 0}
    - target: {fileID: -6492756980240114428, guid: 869e2ab755dfb4e47b45c8cd5a478ca5, type: 3}
      propertyPath: m_Materials.Array.data[0]
      value: 
      objectReference: {fileID: 2100000, guid: 801db2d997a562b4ea333aa4593ce0f0, type: 2}
    - target: {fileID: 919132149155446097, guid: 869e2ab755dfb4e47b45c8cd5a478ca5, type: 3}
      propertyPath: m_Name
      value: arrow
      objectReference: {fileID: 0}
    m_RemovedComponents: []
  m_SourcePrefab: {fileID: 100100000, guid: 869e2ab755dfb4e47b45c8cd5a478ca5, type: 3}
--- !u!4 &1125746951164781184 stripped
Transform:
  m_CorrespondingSourceObject: {fileID: -8679921383154817045, guid: 869e2ab755dfb4e47b45c8cd5a478ca5, type: 3}
  m_PrefabInstance: {fileID: 582597806470628715}
  m_PrefabAsset: {fileID: 0}
--- !u!1001 &8884925264493474588
PrefabInstance:
  m_ObjectHideFlags: 0
  serializedVersion: 2
  m_Modification:
    m_TransformParent: {fileID: 1541429076165002682}
    m_Modifications:
    - target: {fileID: -8679921383154817045, guid: 767763cb1a35ed24f8a01dd9444377de, type: 3}
      propertyPath: m_RootOrder
      value: 0
      objectReference: {fileID: 0}
    - target: {fileID: -8679921383154817045, guid: 767763cb1a35ed24f8a01dd9444377de, type: 3}
      propertyPath: m_LocalPosition.x
      value: 0
      objectReference: {fileID: 0}
    - target: {fileID: -8679921383154817045, guid: 767763cb1a35ed24f8a01dd9444377de, type: 3}
      propertyPath: m_LocalPosition.y
      value: 0
      objectReference: {fileID: 0}
    - target: {fileID: -8679921383154817045, guid: 767763cb1a35ed24f8a01dd9444377de, type: 3}
      propertyPath: m_LocalPosition.z
      value: 0
      objectReference: {fileID: 0}
    - target: {fileID: -8679921383154817045, guid: 767763cb1a35ed24f8a01dd9444377de, type: 3}
      propertyPath: m_LocalRotation.w
      value: 1
      objectReference: {fileID: 0}
    - target: {fileID: -8679921383154817045, guid: 767763cb1a35ed24f8a01dd9444377de, type: 3}
      propertyPath: m_LocalRotation.x
      value: -0
      objectReference: {fileID: 0}
    - target: {fileID: -8679921383154817045, guid: 767763cb1a35ed24f8a01dd9444377de, type: 3}
      propertyPath: m_LocalRotation.y
      value: -0
      objectReference: {fileID: 0}
    - target: {fileID: -8679921383154817045, guid: 767763cb1a35ed24f8a01dd9444377de, type: 3}
      propertyPath: m_LocalRotation.z
      value: -0
      objectReference: {fileID: 0}
    - target: {fileID: -8679921383154817045, guid: 767763cb1a35ed24f8a01dd9444377de, type: 3}
      propertyPath: m_LocalEulerAnglesHint.x
      value: 0
      objectReference: {fileID: 0}
    - target: {fileID: -8679921383154817045, guid: 767763cb1a35ed24f8a01dd9444377de, type: 3}
      propertyPath: m_LocalEulerAnglesHint.y
      value: 0
      objectReference: {fileID: 0}
    - target: {fileID: -8679921383154817045, guid: 767763cb1a35ed24f8a01dd9444377de, type: 3}
      propertyPath: m_LocalEulerAnglesHint.z
      value: 0
      objectReference: {fileID: 0}
    - target: {fileID: -2045097228150355797, guid: 767763cb1a35ed24f8a01dd9444377de, type: 3}
      propertyPath: m_Materials.Array.data[0]
      value: 
      objectReference: {fileID: 2100000, guid: ce72be9a8583e0443b3d133e3ae2a9c0, type: 2}
    - target: {fileID: 919132149155446097, guid: 767763cb1a35ed24f8a01dd9444377de, type: 3}
      propertyPath: m_Name
      value: Body
      objectReference: {fileID: 0}
    m_RemovedComponents: []
  m_SourcePrefab: {fileID: 100100000, guid: 767763cb1a35ed24f8a01dd9444377de, type: 3}
--- !u!1 &8614525881480367693 stripped
GameObject:
  m_CorrespondingSourceObject: {fileID: 919132149155446097, guid: 767763cb1a35ed24f8a01dd9444377de, type: 3}
  m_PrefabInstance: {fileID: 8884925264493474588}
  m_PrefabAsset: {fileID: 0}
--- !u!4 &8991191505095595255 stripped
Transform:
  m_CorrespondingSourceObject: {fileID: -8679921383154817045, guid: 767763cb1a35ed24f8a01dd9444377de, type: 3}
  m_PrefabInstance: {fileID: 8884925264493474588}
  m_PrefabAsset: {fileID: 0}
